<?xml version="1.0" encoding="UTF-8"?><collection xmlns="http://www.loc.gov/MARC21/slim"><record><leader>00403nam--2200121-i-4500</leader><controlfield tag="001">000040711</controlfield><controlfield tag="002">20161230</controlfield><controlfield tag="005">20161230201042</controlfield><controlfield tag="008">060222s1000------------r-----000-0-eng-d</controlfield><datafield ind1=" " ind2=" " tag="100"><subfield code="a">Schildkraut, S., Zbar, P.B</subfield></datafield><datafield ind1=" " ind2=" " tag="245"><subfield code="a">Basic radio and radio-receiver servicing. laboratory manual for radio and television technicians. 2nd edition</subfield></datafield><datafield ind1=" " ind2=" " tag="260"><subfield code="a">New York, Mcgraw-hill Book Co.Inc., 1961, 130p</subfield></datafield><datafield ind1=" " ind2=" " tag="852"><subfield code="a">19050</subfield></datafield></record></collection>